<?xml version="1.0" encoding="UTF-8"?><record xmlns="http://www.loc.gov/MARC21/slim" xmlns:cinclude="http://apache.org/cocoon/include/1.0" xmlns:zs="http://www.loc.gov/zing/srw/">
  <leader>00422nz  a2200133n  4500</leader>
  <controlfield tag="001">no2003042169</controlfield>
  <controlfield tag="003">DLC</controlfield>
  <controlfield tag="005">20030429052506.0</controlfield>
  <controlfield tag="008">030428n| acannaabn          |n aaa     c</controlfield>
  <datafield tag="010" ind1=" " ind2=" ">
    <subfield code="a">no2003042169</subfield>
  </datafield>
  <datafield tag="035" ind1=" " ind2=" ">
    <subfield code="a">(OCoLC)oca06036202</subfield>
  </datafield>
  <datafield tag="040" ind1=" " ind2=" ">
    <subfield code="a">TxCM</subfield>
    <subfield code="b">eng</subfield>
    <subfield code="c">TxCM</subfield>
  </datafield>
  <datafield tag="100" ind1="1" ind2=" ">
    <subfield code="a">Unger, Jack</subfield>
  </datafield>
  <datafield tag="670" ind1=" " ind2=" ">
    <subfield code="a">Deploying license-free wireless wide-area networks, 2003:</subfield>
    <subfield code="b">t.p. (Jack Unger) p. iv (founder and president of Wireless InfoNet, Inc.)</subfield>
  </datafield>
</record>